<record><leader>00000cas a2200000 a 4500</leader><controlfield tag="001">9357995</controlfield><controlfield tag="008">830329d19801985ksuwr ne      0    0eng d</controlfield><controlfield tag="009">3789</controlfield><datafield ind1=" " ind2=" " tag="010"><subfield code="a">sn 83040038 </subfield></datafield><datafield ind1=" " ind2=" " tag="040"><subfield code="a">KSH</subfield><subfield code="b">eng</subfield><subfield code="c">KSH</subfield><subfield code="d">NPT</subfield><subfield code="d">OCL</subfield></datafield><datafield ind1=" " ind2=" " tag="042"><subfield code="a">msc</subfield></datafield><datafield ind1="0" ind2="4" tag="245"><subfield code="a">The Westphalia citizen.</subfield></datafield><datafield ind1=" " ind2=" " tag="260"><subfield code="a">Westphalia, Kan. :</subfield><subfield code="b">[s.n.],</subfield><subfield code="c">1980-1985.</subfield></datafield><datafield ind1=" " ind2=" " tag="300"><subfield code="a">5 v. :</subfield><subfield code="b">ill. (chiefly advertisements) ;</subfield><subfield code="c">22-28 cm.</subfield></datafield><datafield ind1=" " ind2=" " tag="310"><subfield code="a">Weekly</subfield></datafield><datafield ind1="0" ind2=" " tag="362"><subfield code="a">Vol. 1, no. 1 (Oct. 6, 1980)-v. 5, no. 39 (June 24, 1985).</subfield></datafield><datafield ind1=" " ind2=" " tag="500"><subfield code="a">Editor: Lawrence Nolan.</subfield></datafield><datafield ind1="1" ind2=" " tag="700"><subfield code="a">Nolan, Lawrence.</subfield></datafield><datafield ind1=" " ind2=" " tag="752"><subfield code="a">United States</subfield><subfield code="b">Kansas</subfield><subfield code="c">Anderson</subfield><subfield code="d">Garnett.</subfield></datafield></record>